@article{Kulier_2015,
  doi = {10.1088/0004-637x/799/2/178},
  url = {http://dx.doi.org/10.1088/0004-637x/799/2/178},
  year = {2015},
  month = {jan},
  publisher = {{IOP} Publishing},
  volume = {799},
  number = {2},
  pages = {178},
  author = {Andrea Kulier and Jeremiah P. Ostriker and Priyamvada Natarajan and Claire N. Lackner and Renyue Cen},
  title = {{{UNDERSTANDING} {BLACK} {HOLE} {MASS} {ASSEMBLY} {VIA} {ACCRETION} {AND} {MERGERS} {AT} {LATE} {TIMES} {IN} {COSMOLOGICAL} {SIMULATIONS}}},
  journal = {{ApJ}},
}
